@BOOK{Sutherland65theultimate,
    author = {Ivan E. Sutherland},
    title = {The Ultimate Display},
    booktitle = {Proceedings of the IFIP Congress},
    year = {1965},
    pages = {506--508}
}

@article{vankrevelenrick,
author = {Van Krevelen, Rick},
year = {2007},
month = {04},
pages = {},
title = {Augmented Reality: Technologies, Applications, and Limitations},
doi = {10.13140/RG.2.1.1874.7929}
}

 @misc{virtualrealitysociety_2020,
 title={History of virtual reality},
 url={https://www.vrs.org.uk/virtual-reality/history.html},
 journal={Virtual Reality Society},
 year={2020},
 month={Jan}
 }

@misc{sousa_ccg_2018,
title={Realidade Aumentada: Foi um Longo Percurso até à sua aplicabilidade industrial!},
url={https://ccg.pt/realidade-aumentada-aplicabilidade/},
journal={CCG},
author={Sousa, Nuno and Ccg},
year={2018},
month={Apr}
} 